
@inproceedings{lee_tie_2011,
	title = {{TIE}: {Principled} {Reverse} {Engineering} of {Types} in {Binary} {Programs}},
	booktitle = {{NDSS}},
	author = {Lee, Jonghyup and Avgerinos, Thanassis and Brumley, David},
	year = {2011}
}

@article{caballero_type_2016,
	title = {Type {Inference} on {Executables}},
	volume = {48},
	number = {4},
	journal = {ACM Computing Surveys},
	author = {Caballero, Juan and Lin, Zhiqiang},
	year = {2016}
}

@inproceedings{lin_automatic_2010,
	title = {Automatic {Reverse} {Engineering} of {Data} {Structures} from {Binary} {Execution}},
	booktitle = {{NDSS}},
	author = {Lin, Zhiqiang and Zhang, Xiangyu and Xu, Dongyan},
	year = {2010}
}

@inproceedings{mycroft_type-based_1999,
	title = {Type-{Based} {Decompilation} (or {Program} {Reconstruction} via {Type} {Reconstruction})},
	booktitle = {{ESOP}},
	author = {Mycroft, Alan},
	year = {1999}
}

@article{milner_theory_1978,
	title = {A {Theory} of {Type} {Polymorphism} in {Programming}},
	volume = {17},
	journal = {Journal of Computer and System Science},
	author = {Milner, Robin},
	year = {1978},
}

@inproceedings{caballero_polyglot_2007,
	title = {Polyglot: {Automatic} {Extraction} of {Protocol} {Message} {Format} using {Dynamic} {Binary} {Analysis}},
	shorttitle = {Polyglot},
	booktitle = {{CCS}},
	author = {Caballero, Juan and Yin, Heng and Liang, Zhenkai and Song, Dawn},
	year = {2007}
}

@inproceedings{grossman_region-based_2002,
	title = {Region-{Based} {Memory} {Management} in {Cyclone}},
	booktitle = {{PLDI}},
	author = {Grossman, Dan and Morrisett, Greg and Jim, Trevor and Hicks, Michael and Wang, Yanling and Cheney, James},
	year = {2002}
}

@book{hindley_basic_1997,
	title = {Basic {Simple} {Type} {Theory}},
	language = {en},
	urldate = {2020-01-02},
	publisher = {Cambridge University Press},
	author = {Hindley, J. Roger},
	month = jul,
	year = {1997},
	doi = {10.1017/CBO9780511608865}
}

@article{hindley_principal_1969,
	title = {The {Principal} {Type}-{Scheme} of an {Object} in {Combinatory} {Logic}},
	volume = {146},
	issn = {0002-9947},
	doi = {10.2307/1995158},
	journal = {Transactions of the American Mathematical Society},
	author = {Hindley, J. Roger},
	year = {1969},
}

@article{cardelli_basic_1987,
	title = {Basic {Polymorphic} {Typechecking}},
	volume = {8},
	issn = {0167-6423},
	doi = {10.1016/0167-6423(87)90019-0},
	language = {en},
	number = {2},
	journal = {Science of Computer Programming},
	author = {Cardelli, Luca},
	month = apr,
	year = {1987},
	pages = {147--172}
}

@inproceedings{damas_principal_1982,
	title = {Principal {Type}-{Schemes} for {Functional} {Programs}},
	booktitle = {{POPL}},
	author = {Damas, Luis and Milner, Robin},
	year = {1982}
}

@misc{noauthor_phantom_nodate,
	title = {Phantom {Type}},
	url = {https://doc.rust-lang.org/std/marker/struct.PhantomData.html},
	urldate = {2010-01-02}
}

@misc{noauthor_hex-rays_nodate,
	title = {Hex-{Rays} {Decompiler}},
	url = {https://www.hex-rays.com/}
}

@misc{noauthor_jeb_nodate,
	title = {{JEB} {Decompiler}},
	url = {https://www.pnfsoftware.com/}
}

@misc{noauthor_ghidra_nodate,
	title = {Ghidra},
	url = {https://ghidra-sre.org/}
}

@misc{noauthor_struct_nodate,
	title = {Struct reconstruction in decompilers},
	url = {https://reverseengineering.stackexchange.com/questions/22634/struct-reconstruction-in-decompilers}
}

@misc{lu_system_nodate,
	title = {System {V} {Application} {Binary} {Interface}: {AMD64} {Architecture} {Processor} {Supplement}},
	author = {Lu, Hong Jiu and Matz, Michael and Girkar, Milind and Hubicka, Jan and Jaeger, Andreas and Mitchell, Mark}
}

@phdthesis{balakrishnan_wysinwyx_2007,
	title = {{WYSINWYX}: {What} {You} {See} {Is} {Not} {What} {You} {eXecute}},
	school = {University of Wisconsin–Madison},
	author = {Balakrishnan, Gogul},
	year = {2007}
}

@misc{noauthor_type_nodate,
	title = {Type inference inconsistency},
	url = {https://reverseengineering.stackexchange.com/questions/22827/type-inference-inconsistency}
}

@inproceedings{maier_typeminer_2019,
	title = {{TypeMiner}: {Recovering} {Types} in {Binary} {Programs} {Using} {Machine} {Learning}},
	booktitle = {{DIMVA}},
	author = {Maier, Alwin and Gascon, Hugo and Wressnegger, Christian and Rieck, Konrad},
	year = {2019}
}

@article{katz_estimating_2016,
	title = {Estimating {Types} in {Binaries} using {Predictive} {Modeling}},
	journal = {POPL},
	author = {Katz, Omer and El-Yaniv, Ran and Yahav, Eran},
	year = {2016}
}

@incollection{shivers_data-flow_1990,
	title = {Data-{Flow} {Analysis} and {Type} {Recovery} in {Scheme}},
	booktitle = {Topics in {Advanced} {Language} {Implementation}},
	publisher = {MIT},
	author = {Shivers, Olin},
	year = {1990}
}

@article{kennedy_types_2010,
	title = {Types for {Units}-of-{Measure}: {Theory} and {Practice}},
	journal = {Central European Functional Programming School},
	author = {Kennedy, Andrew},
	year = {2010},
	pages = {268--305}
}

@article{strachey_fundamental_2000,
	title = {Fundamental {Concepts} in {Programming} {Languages}},
	volume = {13},
	number = {1-2},
	journal = {Higher-Order and Symbolic Computation},
	author = {Strachey, Christopher},
	year = {2000},
	pages = {11--49}
}

@incollection{banescu_tutorial_2018,
	title = {A {Tutorial} on {Software} {Obfuscation}},
	volume = {108},
	booktitle = {Advances in {Computers}},
	publisher = {Elsevier},
	author = {Banescu, Sebastian and Pretschner, Alexander},
	month = jan,
	year = {2018},
	keywords = {Code transformation, Man-At-The-End, Obfuscation, Reverse engineering, Software protection, Tutorial},
	pages = {283--353}
}

@book{collberg_surreptitious_2009,
	edition = {1st},
	title = {Surreptitious {Software}: {Obfuscation}, {Watermarking}, and {Tamperproofing} for {Software} {Protection}},
	isbn = {978-0-321-54925-9},
	publisher = {Addison-Wesley Professional},
	author = {Collberg, Christian and Nagra, Jasvir},
	year = {2009}
}

@phdthesis{cifuentes_reverse_1994,
	title = {Reverse {Compilation} {Techniques}},
	author = {Cifuentes, Cristina},
	year = {1994}
}

@inproceedings{balakrishnan_divine_2007,
	title = {{DIVINE}: {DIscovering} {Variables} {IN} {Executables}},
	booktitle = {{VMCAI}},
	author = {Balakrishnan, Gogul and Reps, Thomas},
	year = {2007},
	keywords = {Address Expression, Array Element, Assembly Code, Memory Location, Program Point}
}

@phdthesis{eyrolles_obfuscation_2017,
	type = {{PhD} {Thesis}},
	title = {Obfuscation with {Mixed} {Boolean}-{Arithmetic} {Expressions}: reconstruction, analysis and simplification tools},
	school = {Université Paris-Saclay},
	author = {Eyrolles, Ninon},
	year = {2017}
}

@inproceedings{zhou_information_2007,
	title = {Information {Hiding} in {Software} with {Mixed} {Boolean}-{Arithmetic} {Transforms}},
	booktitle = {{WISA}},
	author = {Zhou, Yongxin and Main, Alec and Gu, Yuan X. and Johnson, Harold},
	year = {2007}
}

@misc{noauthor_cranelift_nodate,
	title = {Cranelift {Code} {Generator}},
	url = {https://github.com/bytecodealliance/cranelift}
}

@misc{ta_ucc_nodate,
	title = {{uCc}: an untyped {C} compiler},
	url = {https://github.com/tathanhdinh/uCc},
	author = {Ta, Thanh Dinh}
}

@inproceedings{noonan_polymorphic_2016,
	title = {Polymorphic {Type} {Inference} for {Machine} {Code}},
	booktitle = {{PLDI}},
	author = {Noonan, Matthew and Loginov, Alexey and Cok, David},
	year = {2016}
}

@inproceedings{elwazeer_scalable_2013,
	title = {Scalable {Variable} and {Data} {Type} {Detection} in a {Binary} {Rewriter}},
	booktitle = {{PLDI}},
	author = {ElWazeer, Khaled and Anand, Kapil and Kotha, Aparna and Smithson, Matthew and Barua, Rajeev},
	year = {2013}
}

@inproceedings{robbins_minx_2016,
	title = {From {MinX} to {MinC}: {Semantics}-{Driven} {Decompilation} of {Recursive} {Datatypes}},
	booktitle = {{POPL}},
	author = {Robbins, Ed and King, Andy and Schrijvers, Tom},
	year = {2016}
}

@phdthesis{van_emmerik_static_2007,
	title = {Static {Single} {Assignment} for {Decompilation}},
	author = {Van Emmerik, Mike},
	year = {2007}
}

@inproceedings{schwarz_disassembly_2002,
	title = {Disassembly of {Executable} {Code} {Revisited}},
	booktitle = {{WCRE}},
	author = {Schwarz, Benjamin and Debray, Saumya and Andrews, Gregory},
	year = {2002}
}

@inproceedings{dalla_preda_semantic-based_2005,
	title = {Semantic-{Based} {Code} {Obfuscation} by {Abstract} {Interpretation}},
	booktitle = {{ICALP}},
	author = {Dalla Preda, Mila and Giacobazzi, Roberto},
	year = {2005}
}

@inproceedings{bernat_anywhere_2011,
	title = {Anywhere, {Any}-{Time} {Binary} {Instrumentation}},
	booktitle = {{PASTE}},
	author = {Bernat, Andrew R. and Miller, Barton P.},
	year = {2011}
}

@inproceedings{anand_compiler-level_2013,
	title = {A {Compiler}-level {Intermediate} {Representation} based {Binary} {Analysis} and {Rewriting} {System}},
	booktitle = {{EuroSys}},
	author = {Anand, Kapil and Smithson, Matthew and Elwazeer, Khaled and Kotha, Aparna and Gruen, Jim and Giles, Nathan and Barua, Rajeev},
	year = {2013}
}

@inproceedings{yadavalli_raising_2019,
	title = {Raising {Binaries} to {LLVM} {IR} with {MCTOLL} ({WIP} {Paper})},
	booktitle = {{LCTES}},
	author = {Yadavalli, S. Bharadwaj and Smith, Aaron},
	year = {2019}
}

@misc{noauthor_tigress_nodate,
	title = {Tigress: {A} {Source}-to-{Source}-ish {Obfuscation} {Tool}},
	url = {https://tigress.wtf}
}

@inproceedings{blazytko_syntia_2017,
	title = {Syntia: {Synthesizing} the {Semantics} of {Obfuscated} {Code}},
	booktitle = {{USENIX} {Security}},
	author = {Blazytko, Tim and Contag, Moritz and Aschermann, Cornelius and Holz, Thorsten},
	year = {2017}
}

@inproceedings{david_qsynth_2020,
	title = {{QSynth} - {A} {Program} {Synthesis} based approach for {Binary} {Code} {Deobfuscation}},
	booktitle = {{BAR}},
	author = {David, Robin and Coniglio, Luigi and Ceccato, Mariano},
	year = {2020}
}

@inproceedings{siff_coping_1999,
	title = {Coping with {Type} {Casts} in {C}},
	booktitle = {{FSE}},
	author = {Siff, Michael and Chandra, Satish and Ball, Thomas and Kunchithapadam, Krishna and Reps, Thomas},
	year = {1999}
}

@misc{noauthor_snowman_nodate,
	title = {Snowman decompiler},
	url = {http://derevenets.com/}
}

@inproceedings{kroustek_retdec_2017,
	title = {{RetDec}: {An} {Open}-{Source} {Machine}-{Code} {Decompiler}},
	booktitle = {Botconf},
	author = {Křoustek, Jakub and Matula, Peter and Zemek, Petr},
	year = {2017}
}

@inproceedings{goodman_lifting_2018,
	title = {Lifting program binaries with {McSema}},
	booktitle = {{ISSISP}},
	author = {Goodman, Peter and Kumar, Akshay},
	year = {2018}
}

@inproceedings{durfina_detection_2012,
	title = {Detection and {Recovery} of {Functions} and their {Arguments} in a {Retargetable} {Decompiler}},
	booktitle = {{WCRE}},
	publisher = {IEEE},
	author = {Durfina, Luká and Kroustek, Jakub and Zemek, Petr and Kabele, Bretislav},
	year = {2012},
	pages = {51--60}
}

@inproceedings{eyrolles_defeating_2016,
	title = {Defeating {MBA}-based {Obfuscation}},
	booktitle = {{SPRO}},
	author = {Eyrolles, Ninon and Goubin, Louis and Videau, Marion},
	year = {2016}
}

@article{biondi_effectiveness_2017,
	title = {Effectiveness of {Synthesis} in {Concolic} {Deobfuscation}},
	volume = {70},
	journal = {Computers and Security},
	author = {Biondi, Fabrizio and Josse, Sébastien and Legay, Axel and Sirvent, Thomas},
	year = {2017}
}

@article{drape_generalising_2007,
	title = {Generalising the {Array} {Split} {Obfuscation}},
	volume = {177},
	number = {1},
	journal = {Information Sciences},
	author = {Drape, Stephen},
	year = {2007}
}

@inproceedings{drape_obfuscation_2006,
	title = {An {Obfuscation} for {Binary} {Trees}},
	booktitle = {{TENCON}},
	author = {Drape, Stephen},
	year = {2006}
}

@phdthesis{drape_obfuscation_2004,
	title = {Obfuscation of {Abstract} {Data} {Types}},
	school = {The University of Oxford},
	author = {Drape, Stephen},
	year = {2004}
}

@techreport{collberg_taxonomy_1997,
	type = {Technical {Report}},
	title = {A {Taxonomy} of {Obfuscating} {Transformations}},
	number = {148},
	institution = {University of Auckland},
	author = {Collberg, Christian and Thomborson, Clark and Low, Douglas},
	year = {1997}
}

@article{hosseinzadeh_diversification_2018,
	title = {Diversification and {Obfuscation} {Techniques} for {Software} {Security}: a {Systematic} {Literature} {Review}},
	volume = {104},
	shorttitle = {Diversification and {Obfuscation} {Techniques} for {Software} {Security}},
	journal = {Information and Software Technology},
	author = {Hosseinzadeh, S. and Rauti, S. and Laurén, S. and Mäkelä, J. M. and Holvitie, J. and Hyrynsalmi, S. and Leppänen, V.},
	year = {2018},
	pages = {72--93}
}

@inproceedings{kozen_efficient_1993,
	title = {Efficient {Inference} of {Partial} {Types}},
	booktitle = {{POPL}},
	author = {Kozen, Dexter and Palsberg, Jens and Schwartzbach, Michael I.},
	year = {1993}
}

@misc{noauthor_mprotect_nodate,
	title = {mprotect - how aligning to multiple of pagesize works?},
	url = {https://stackoverflow.com/questions/2601121/mprotect-how-aligning-to-multiple-of-pagesize-works}
}
