
@inproceedings{lee_tie_2011,
	title = {{TIE}: {Principled} {Reverse} {Engineering} of {Types} in {Binary} {Programs}},
	booktitle = {{NDSS}},
	author = {Lee, Jonghyup and Avgerinos, Thanassis and Brumley, David},
	year = {2011}
}

@article{caballero_type_2016,
	title = {Type {Inference} on {Executables}},
	volume = {48},
	number = {4},
	journal = {ACM Computing Surveys},
	author = {Caballero, Juan and Lin, Zhiqiang},
	year = {2016}
}

@inproceedings{lin_automatic_2010,
	title = {Automatic {Reverse} {Engineering} of {Data} {Structures} from {Binary} {Execution}},
	booktitle = {{NDSS}},
	author = {Lin, Zhiqiang and Zhang, Xiangyu and Xu, Dongyan},
	year = {2010}
}

@inproceedings{mycroft_type-based_1999,
	title = {Type-{Based} {Decompilation} (or {Program} {Reconstruction} via {Type} {Reconstruction})},
	booktitle = {{ESOP}},
	author = {Mycroft, Alan},
	year = {1999}
}

@article{milner_theory_1978,
	title = {A {Theory} of {Type} {Polymorphism} in {Programming}},
	volume = {17},
	journal = {Journal of Computer and System Science},
	author = {Milner, Robin},
	year = {1978},
	pages = {348--375}
}

@inproceedings{caballero_polyglot_2007,
	title = {Polyglot: {Automatic} {Extraction} of {Protocol} {Message} {Format} using {Dynamic} {Binary} {Analysis}},
	shorttitle = {Polyglot},
	booktitle = {{CCS}},
	author = {Caballero, Juan and Yin, Heng and Liang, Zhenkai and Song, Dawn},
	year = {2007}
}

@inproceedings{grossman_region-based_2002,
	title = {Region-{Based} {Memory} {Management} in {Cyclone}},
	booktitle = {{PLDI}},
	author = {Grossman, Dan and Morrisett, Greg and Jim, Trevor and Hicks, Michael and Wang, Yanling and Cheney, James},
	year = {2002}
}

@book{hindley_basic_1997,
	title = {Basic {Simple} {Type} {Theory}},
	language = {en},
	urldate = {2020-01-02},
	publisher = {Cambridge University Press},
	author = {Hindley, J. Roger},
	month = jul,
	year = {1997},
	doi = {10.1017/CBO9780511608865}
}

@article{hindley_principal_1969,
	title = {The {Principal} {Type}-{Scheme} of an {Object} in {Combinatory} {Logic}},
	volume = {146},
	issn = {0002-9947},
	doi = {10.2307/1995158},
	journal = {Transactions of the American Mathematical Society},
	author = {Hindley, J. Roger},
	year = {1969},
	pages = {29--60}
}

@article{cardelli_basic_1987,
	title = {Basic {Polymorphic} {Typechecking}},
	volume = {8},
	issn = {0167-6423},
	doi = {10.1016/0167-6423(87)90019-0},
	language = {en},
	number = {2},
	journal = {Science of Computer Programming},
	author = {Cardelli, Luca},
	month = apr,
	year = {1987},
	pages = {147--172}
}

@inproceedings{damas_principal_1982,
	title = {Principal {Type}-{Schemes} for {Functional} {Programs}},
	booktitle = {{POPL}},
	author = {Damas, Luis and Milner, Robin},
	year = {1982}
}

@misc{noauthor_phantom_nodate,
	title = {Phantom {Type}},
	url = {https://doc.rust-lang.org/std/marker/struct.PhantomData.html},
	urldate = {2010-01-02}
}

@misc{noauthor_hex-rays_nodate,
	title = {Hex-{Rays} {Decompiler}},
	url = {https://www.hex-rays.com/}
}

@misc{noauthor_jeb_nodate,
	title = {{JEB} {Decompiler}},
	url = {https://www.pnfsoftware.com/}
}

@misc{noauthor_ghidra_nodate,
	title = {Ghidra},
	url = {https://ghidra-sre.org/}
}

@misc{noauthor_struct_nodate,
	title = {Struct reconstruction in decompilers},
	url = {https://reverseengineering.stackexchange.com/questions/22634/struct-reconstruction-in-decompilers}
}

@misc{lu_system_nodate,
	title = {System {V} {Application} {Binary} {Interface}: {AMD}64 {Architecture} {Processor} {Supplement}},
	author = {Lu, Hong Jiu and Matz, Michael and Girkar, Milind and Hubicka, Jan and Jaeger, Andreas and Mitchell, Mark}
}

@phdthesis{balakrishnan_wysinwyx_2007,
	title = {{WYSINWYX}: {What} {You} {See} {Is} {Not} {What} {You} {eXecute}},
	school = {University of Wisconsinâ€“Madison},
	author = {Balakrishnan, Gogul},
	year = {2007}
}

@misc{noauthor_type_nodate,
	title = {Type inference inconsistency},
	url = {https://reverseengineering.stackexchange.com/questions/22827/type-inference-inconsistency}
}

@inproceedings{maier_typeminer_2019,
	title = {{TypeMiner}: {Recovering} {Types} in {Binary} {Programs} {Using} {Machine} {Learning}},
	booktitle = {{DIMVA}},
	author = {Maier, Alwin and Gascon, Hugo and Wressnegger, Christian and Rieck, Konrad},
	year = {2019}
}

@article{katz_estimating_2016,
	title = {Estimating {Types} in {Binaries} using {Predictive} {Modeling}},
	journal = {POPL},
	author = {Katz, Omer and El-Yaniv, Ran and Yahav, Eran},
	year = {2016}
}

@incollection{shivers_data-flow_1990,
	title = {Data-{Flow} {Analysis} and {Type} {Recovery} in {Scheme}},
	booktitle = {Topics in {Advanced} {Language} {Implementation}},
	publisher = {MIT},
	author = {Shivers, Olin},
	year = {1990}
}

@article{kennedy_types_2010,
	title = {Types for {Units}-of-{Measure}: {Theory} and {Practice}},
	journal = {Central European Functional Programming School},
	author = {Kennedy, Andrew},
	year = {2010},
	pages = {268--305}
}

@article{strachey_fundamental_2000,
	title = {Fundamental {Concepts} in {Programming} {Languages}},
	volume = {13},
	number = {1-2},
	journal = {Higher-Order and Symbolic Computation},
	author = {Strachey, Christopher},
	year = {2000},
	pages = {11--49}
}